@article{Baker2013HLT,
  added-at = {2013-12-02T00:00:00.000+0100},
  author = {Baker, Thomas and Vandenbussche, Pierre-Yves and Vatant, Bernard},
  biburl = {http://www.bibsonomy.org/bibtex/26d4eab30a4db5a4bd5905cae77ea971e/dblp},
  note = {http://dx.doi.org/10.1108/LHT-03-2013-0027},
  interhash = {025d62a01525b62309ad579697a1b08d},
  intrahash = {6d4eab30a4db5a4bd5905cae77ea971e},
  journal = {Library Hi Tech},
  keywords = {dblp},
  number = 4,
  pages = {657-668},
  timestamp = {2013-12-03T11:33:04.000+0100},
  title = {Requirements for vocabulary preservation and governance},
  url = {http://dblp.uni-trier.de/db/journals/lht/lht31.html#BakerVV13},
  volume = 31,
  year = 2013
}


@inproceedings{schaible2013lover,
	note = {10.1145/2457317.2457332},
	url = {http://dx.doi.org/10.1145/2457317.2457332},
	year = 2013,
	publisher = {Association for Computing Machinery ({ACM})},
	author = {Johann Schaible and Thomas Gottron and Stefan Scheglmann and Ansgar Scherp},
	title = {{LOVER}},
	booktitle = {Proceedings of the Joint {EDBT}/{ICDT} 2013 Workshops on - {EDBT} {\textquotesingle}13}
}


@incollection{vocabcc2013,
  year={2013},
isbn={978-1-4614-6879-0},
booktitle={Semantic Web and Web Science},
series={Springer Proceedings in Complexity},
editor={Li, Juanzi and Qi, Guilin and Zhao, Dongyan and Nejdl, Wolfgang and Zheng, Hai-Tao},
note={10.1007/978-1-4614-6880-6_34},
title={Accessing Information About Linked Data Vocabularies with vocab.cc},
url={http://dx.doi.org/10.1007/978-1-4614-6880-6_34},
publisher={Springer New York},
author={Stadtm\"{u}ller, Steffen and Harth, Andreas and Grobelnik, Marko},
pages={391-396},
language={English}
}


@incollection{auer2006ontowiki,
	note = {10.1007/11926078_53},
	url = {http://dx.doi.org/10.1007/11926078_53},
	year = 2006,
	publisher = {Springer Science and Business Media},
	pages = {736--749},
	author = {SÃ¶ren Auer and Sebastian Dietzold and Thomas Riechert},
	title = {{OntoWiki} {\textendash} A Tool for Social, Semantic Collaboration},
	booktitle = {Lecture Notes in Computer Science}
}


@article{Heath2011,
	note = {10.2200/s00334ed1v01y201102wbe001},
	url = {http://dx.doi.org/10.2200/s00334ed1v01y201102wbe001},
	year = 2011,
	month = {feb},
	publisher = {Morgan {\&} Claypool Publishers {LLC}},
	volume = {1},
	number = {1},
	pages = {1--136},
	author = {Tom Heath and Christian Bizer},
	title = {Linked Data: Evolving the Web into a Global Data Space},
	journal = {Synthesis Lectures on the Semantic Web: Theory and Technology}
}



@techreport{vandenbussche2011metadata,
  title={Metadata recommendations for linked open data vocabularies},
  author={Vandenbussche, Pierre-Yves and Vatant, Bernard},
  volume={1.1},
  pages={1--4},
  year={2012}
}


@inproceedings{void2009,
  title={Describing linked datasets-on the design and usage of void, the vocabulary of interlinked datasets},
  author={Alexander, Keith and Hausenblas, Michael},
  booktitle={In Linked Data on the Web Workshop (LDOW 09), in conjunction with 18th International World Wide Web Conference (WWW 09)},
  year={2009},
  editor={ Bizer, Christian and Heath, Tom and Berners-Lee, Tim and Idehen, Kingsley},
  organization={Citeseer}
}

@article{ontomaton12,
	note = {10.1093/bioinformatics/bts718},
	url = {http://dx.doi.org/10.1093/bioinformatics/bts718},
	year = 2012,
	month = {dec},
	publisher = {Oxford University Press ({OUP})},
	volume = {29},
	number = {4},
	pages = {525--527},
	author = {E. Maguire and A. Gonzalez-Beltran and P. L. Whetzel and S.-A. Sansone and P. Rocca-Serra},
	title = {{OntoMaton}: a Bioportal powered ontology widget for Google Spreadsheets},
	journal = {Bioinformatics}
}



@incollection{butt2014,
  year={2014},
  isbn={978-3-319-11914-4},
  booktitle={The Semantic Web - ISWC 2014},
  volume={8797},
  series={Lecture Notes in Computer Science},
  editor={Mika, Peter and Tudorache, Tania and Bernstein, Abraham and Welty, Chris and Knoblock, Craig and Vrande\v{c}i\'{c}, Denny and Groth, Paul and Noy, Natasha and Janowicz, Krzysztof and Goble, Carole},
  note={10.1007/978-3-319-11915-1_9},
  title={Ontology Search: An Empirical Evaluation},
  url={http://dx.doi.org/10.1007/978-3-319-11915-1_9},
  publisher={Springer International Publishing},
  author={Butt, AnilaSahar and Haller, Armin and Xie, Lexing},
  pages={130-147},
  language={English}
}

@inproceedings{prolov2015,
year={2015},
isbn={978-3-319-25638-2},
booktitle={The Semantic Web: ESWC 2015 Satellite Events},
volume={9341},
series={Lecture Notes in Computer Science},
editor={Gandon, Fabien and Gu\'{e}ret, Christophe and Villata, Serena and Breslin, John and Faron-Zucker, Catherine and Zimmermann, Antoine},
note={10.1007/978-3-319-25639-9_8},
title={The Prot\'{e}g\'{e}LOV Plugin: Ontology Access and Reuse for Everyone},
url={http://dx.doi.org/10.1007/978-3-319-25639-9_8},
publisher={Springer International Publishing},
keywords={Ontology engineering; Ontology reuse; LOV; Prot\'{e}g\'{e}; Plugin},
author={Garc\'{i}a-Santa, Nuria and Atemezing, Ghislain Auguste and Villaz\'{o}n-Terrazas, Boris},
pages={41-45},
language={English}
}


@inproceedings{wasabi13,
  added-at = {2013-12-09T00:00:00.000+0100},
  author = {Atemezing, Ghislain Auguste and Vatant, Bernard and Troncy, Rapha\"{e}l and Vandenbussche, Pierre-Yves},
  biburl = {http://www.bibsonomy.org/bibtex/2e5a6bc1d2a637b022b585321493686e8/dblp},
  booktitle = {WaSABi@ISWC},
  crossref = {conf/semweb/2013wasabi},
  editor = {Coppens, Sam and Hammar, Karl and Knuth, Magnus and Neumann, Marco and Ritze, Dominique and Sack, Harald and Sande, Miel Vander},
  ee = {http://ceur-ws.org/Vol-1106/paper2.pdf},
  interhash = {b6eea0d60fa36ea64be1b880b9ec96dc},
  intrahash = {e5a6bc1d2a637b022b585321493686e8},
  keywords = {dblp},
  publisher = {CEUR-WS.org},
  series = {CEUR Workshop Proceedings},
  timestamp = {2013-12-10T11:40:38.000+0100},
  title = {Harmonizing Services for LOD Vocabularies: A Case Study.},
  url = {http://dblp.uni-trier.de/db/conf/semweb/wasabi2013.html#AtemezingVTV13},
  volume = 1106,
  year = 2013
}

@incollection{presutti08,
	note = {10.1007/978-3-540-87877-3_11},
	url = {http://dx.doi.org/10.1007/978-3-540-87877-3_11},
	year = 2008,
	publisher = {Springer Science and Business Media},
	pages = {128--141},
	author = {Valentina Presutti and Aldo Gangemi},
	title = {Content Ontology Design Patterns as Practical Building Blocks for Web Ontologies},
	booktitle = {Lecture Notes in Computer Science}
}


 
 @INPROCEEDINGS{Sabou07,
  added-at = {2010-01-14T10:58:32.000+0100},
  author = {d'Aquin, M. and C.Baldassare and L.Gridinoc and Sabou, M. and S.Angeletou and E.Motta},
  biburl = {http://www.bibsonomy.org/bibtex/232d1aa2e2fd53e326431a8cca8aa439f/mdaquin},
  booktitle = {WWW/Internet conference 2007},
  interhash = {670ea93079f3b2a34a0ac75b403f2f2c},
  intrahash = {32d1aa2e2fd53e326431a8cca8aa439f},
  keywords = {ontologies semanticweb semanticwebsearchengine watson},
  timestamp = {2010-01-18T22:24:46.000+0100},
  title = {Watson: Supporting Next Generation Semantic Web Applications},
  url = {http://people.kmi.open.ac.uk/mathieu/papers/WWWInternet07.pdf},
  year = 2007
}



 
@article{vandenbussche2014,
  title={Linked Open Vocabularies.},
  author={Vandenbussche, Pierre-Yves and Vatant, Bernard},
  journal={ERCIM News},
  volume={2014},
  number={96},
  year={2014}
}


@inproceedings{cheng2008falcons,
  added-at = {2008-05-13T00:00:00.000+0200},
  author = {Cheng, Gong and Ge, Weiyi and Qu, Yuzhong},
  biburl = {http://www.bibsonomy.org/bibtex/2747dcb65d2e8788990bedcaf6e3cc971/dblp},
  booktitle = {WWW},
  crossref = {conf/www/2008},
  editor = {Huai, Jinpeng and Chen, Robin and Hon, Hsiao-Wuen and Liu, Yunhao and Ma, Wei-Ying and Tomkins, Andrew and 0001, Xiaodong Zhang},
  note= {http://doi.acm.org/10.1145/1367497.1367676},
  interhash = {0e764719b7e1f51ce2d4cf4b4f9d4527},
  intrahash = {747dcb65d2e8788990bedcaf6e3cc971},
  isbn = {978-1-60558-085-2},
  keywords = {dblp},
  pages = {1101-1102},
  publisher = {ACM},
  timestamp = {2012-12-15T11:35:08.000+0100},
  title = {Falcons: searching and browsing entities on the semantic web.},
  url = {http://dblp.uni-trier.de/db/conf/www/www2008.html#ChengGQ08},
  year = 2008
}


@article{bioportal11,
	note = {10.1093/nar/gkr469},
	url = {http://dx.doi.org/10.1093/nar/gkr469},
	year = 2011,
	month = {jun},
	publisher = {Oxford University Press ({OUP})},
	volume = {39},
	number = {suppl},
	pages = {W541--W545},
	author = {P. L. Whetzel and N. F. Noy and N. H. Shah and P. R. Alexander and C. Nyulas and T. Tudorache and M. A. Musen},
	title = {{BioPortal}: enhanced functionality via new Web services from the National Center for Biomedical Ontology to access and use ontologies in software applications},
	journal = {Nucleic Acids Research}
}

@article{sweet05,
	note = {10.1016/j.cageo.2004.12.004},
	url = {http://dx.doi.org/10.1016/j.cageo.2004.12.004},
	year = 2005,
	month = {nov},
	publisher = {Elsevier {BV}},
	volume = {31},
	number = {9},
	pages = {1119--1125},
	author = {Robert G. Raskin and Michael J. Pan},
	title = {Knowledge representation in the semantic web for Earth and environmental terminology ({SWEET})},
	journal = {Computers {\&} Geosciences}
}


@INPROCEEDINGS{finin2005swoogle,
author = {Finin, Tim and Ding, Li and Pan, Rong and Joshi, Anupam and Kolari, Pranam and Java, Akshay and Peng, Yun},
 title = {Swoogle: Searching for Knowledge on the Semantic Web},
 booktitle = {Proceedings of the 20th National Conference on Artificial Intelligence - Volume 4},
 series = {AAAI'05},
 year = {2005},
 isbn = {1-57735-236-x},
 location = {Pittsburgh, Pennsylvania},
 pages = {1682--1683},
 numpages = {2},
 url = {http://dl.acm.org/citation.cfm?id=1619566.1619614},
 acmid = {1619614},
 editor = {Cohn, Anthony}
 publisher = {AAAI Press}
} 

@article{janowicz2014five,
  added-at = {2014-05-04T00:00:00.000+0200},
  author = {Janowicz, Krzysztof and Hitzler, Pascal and Adams, Benjamin and Kolas, Dave and Vardeman, Charles},
  biburl = {http://www.bibsonomy.org/bibtex/23a31391a035d66ce406b49c21d8d6823/dblp},
  note = {http://dx.doi.org/10.3233/SW-140135},
  interhash = {c178bdbc149fc861e0b8b667397ced2b},
  intrahash = {3a31391a035d66ce406b49c21d8d6823},
  journal = {Semantic Web},
  keywords = {dblp},
  number = 3,
  pages = {173-176},
  timestamp = {2015-06-18T02:57:13.000+0200},
  title = {Five stars of Linked Data vocabulary use.},
  url = {http://dblp.uni-trier.de/db/journals/semweb/semweb5.html#JanowiczHAKV14},
  volume = 5,
  year = 2014
}



@inproceedings{databugger,
  author = {Kontokostas, Dimitris and Westphal, Patrick and Auer, S\"{o}ren and Hellmann, Sebastian and Lehmann, Jens and Cornelissen, Roland},
  biburl = {http://www.bibsonomy.org/bibtex/2c20a805b339de9ea8c0bc54865ba4be6/aksw},
  booktitle = {Proceedings of the Companion Publication of the 23rd International Conference on World Wide Web Companion},
  note = {10.1145/2567948.2577017},
  isbn = {978-1-4503-2745-9},
  location = {Seoul, Korea},
  numpages = {4},
  pages = {115--118},
  publisher = {International World Wide Web Conferences Steering Committee},
  series = {WWW Companion '14},
  title = {Databugger: A Test-driven Framework for Debugging the Web of Data},
  url = {http://jens-lehmann.org/files/2014/www_demo_databugger.pdf},
  year = 2014
}

@inproceedings{rdfunit,
  acmid = {2568002},
  added-at = {2014-12-07T05:57:46.000+0100},
  address = {Republic and Canton of Geneva, Switzerland},
  author = {Kontokostas, Dimitris and Westphal, Patrick and Auer, S\"{o}ren and Hellmann, Sebastian and Lehmann, Jens and Cornelissen, Roland and Zaveri, Amrapali},
  biburl = {http://www.bibsonomy.org/bibtex/2055b0803da55ef8abb539d2a622d53e8/aksw},
  booktitle = {Proceedings of the 23rd International Conference on World Wide Web},
  note = {10.1145/2566486.2568002},
  interhash = {66a6d782062b615d9b4fa141ceb2473a},
  intrahash = {055b0803da55ef8abb539d2a622d53e8},
  isbn = {978-1-4503-2744-2},
  keywords = {2014 MOLE dllearner group_aksw kontokostas lehmann lod2page rdfunit topic_QualityAnalysis},
  location = {Seoul, Korea},
  numpages = {12},
  pages = {747--758},
  publisher = {International World Wide Web Conferences Steering Committee},
  series = {WWW '14},
  timestamp = {2014-12-07T05:57:46.000+0100},
  title = {Test-driven Evaluation of Linked Data Quality},
  url = {http://svn.aksw.org/papers/2014/WWW_Databugger/public.pdf},
  year = 2014
}

@incollection{yasgui,
year={2013},
isbn={978-3-642-41241-7},
booktitle={The Semantic Web: ESWC 2013 Satellite Events},
volume={7955},
series={Lecture Notes in Computer Science},
editor={Cimiano, Philipp and FernÃ¡ndez, Miriam and Lopez, Vanessa and Schlobach, Stefan and VÃ¶lker, Johanna},
doi={10.1007/978-3-642-41242-4_7},
title={YASGUI: Not Just Another SPARQL Client},
note={http://dx.doi.org/10.1007/978-3-642-41242-4_7},
publisher={Springer Berlin Heidelberg},
keywords={SPARQL; endpoints; API; Web service; Semantic Web},
author={Rietveld, Laurens and Hoekstra, Rinke},
pages={78-86},
language={English}
}


@article{dbpedia2009,
	note = {10.1016/j.websem.2009.07.002},
	url = {http://dx.doi.org/10.1016/j.websem.2009.07.002},
	year = 2009,
	month = {sep},
	publisher = {Elsevier {BV}},
	volume = {7},
	number = {3},
	pages = {154--165},
	author = {Christian Bizer and Jens Lehmann and Georgi Kobilarov and SÃ¶ren Auer and Christian Becker and Richard Cyganiak and Sebastian Hellmann},
	title = {{DBpedia} - A crystallization point for the Web of Data},
	journal = {Web Semantics: Science, Services and Agents on the World Wide Web}
}



@inproceedings{governatori2014,
  added-at = {2015-01-03T00:00:00.000+0100},
  author = {Governatori, Guido and Lam, Ho-Pun and Rotolo, Antonino and Villata, Serena and Atemezing, Ghislain Auguste and Gandon, Fabien L.},
  biburl = {http://www.bibsonomy.org/bibtex/2e5442b638405d7fe8bb79542195de52c/dblp},
  booktitle = {COLD},
  crossref = {conf/semweb/2014cold},
  editor = {Hartig, Olaf and Hogan, Aidan and Sequeda, Juan},
  ee = {http://ceur-ws.org/Vol-1264/cold2014_GovernatoriLRVAG.pdf},
  interhash = {c85d1efe23862b6f0b9d779bc3c7af62},
  intrahash = {e5442b638405d7fe8bb79542195de52c},
  keywords = {dblp},
  publisher = {CEUR-WS.org},
  series = {CEUR Workshop Proceedings},
  timestamp = {2015-06-18T22:57:02.000+0200},
  title = {Checking Licenses Compatibility between Vocabularies and Data.},
  url = {http://dblp.uni-trier.de/db/conf/semweb/cold2014.html#GovernatoriLRVAG14a},
  volume = 1264,
  year = 2014
}



@inproceedings{verborgh2014ldf,
  title={Low-Cost Queryable Linked Data through Triple Pattern Fragments},
  author={Verborgh, Ruben and Hartig, Olaf and De Meester, Ben and Haesendonck, Gerald and De Vocht, Laurens and Vander Sande, Miel and Cyganiak, Richard and Colpaert, Pieter and Mannens, Erik and Van de Walle, Rik},
  booktitle={Proceedings of the 13th International Semantic Web Conference: Posters and Demos},
  editor = {Horridge, Matthew and Rospocher, Marco  and Ossenbruggen, Jacco van}
  year={2014}
}


@inproceedings{sparqles13,
  year={2013},
  isbn={978-3-642-41337-7},
  booktitle={The Semantic Web - ISWC 2013},
  volume={8219},
  series={Lecture Notes in Computer Science},
  editor={Alani, Harith and Kagal, Lalana and Fokoue, Achille and Groth, Paul and Biemann, Chris and Parreira, JosianeXavier and Aroyo, Lora and Noy, Natasha and Welty, Chris and Janowicz, Krzysztof},
  note={10.1007/978-3-642-41338-4_18},
  title={SPARQL Web-Querying Infrastructure: Ready for Action?},
  url={http://dx.doi.org/10.1007/978-3-642-41338-4_18},
  publisher={Springer Berlin Heidelberg},
  author={Buil-Aranda, Carlos and Hogan, Aidan and Umbrich, J\"{u}rgen and Vandenbussche, Pierre-Yves},
  pages={277-293},
  language={English}
}

@proceedings{semweb/2013-2,
  editor    = {Harith Alani and
               Lalana Kagal and
               Achille Fokoue and
               Paul T. Groth and
               Chris Biemann and
               Josiane Xavier Parreira and
               Lora Aroyo and
               Natasha F. Noy and
               Chris Welty and
               Krzysztof Janowicz},
  title     = {The Semantic Web - {ISWC} 2013 - 12th International Semantic Web Conference,
               Sydney, NSW, Australia, October 21-25, 2013, Proceedings, Part {II}},
  series    = {Lecture Notes in Computer Science},
  year      = {2013},
  volume    = {8219},
  publisher = {Springer},
  note       = {http://dx.doi.org/10.1007/978-3-642-41338-4},
  doi       = {10.1007/978-3-642-41338-4},
  isbn      = {978-3-642-41337-7},
  biburl    = {http://dblp.uni-trier.de/rec/bib/conf/semweb/2013-2},
  bibsource = {dblp computer science bibliography, http://dblp.org}
}

@book{marti2009,
	note = {10.1017/cbo9781139644082},
	url = {http://dx.doi.org/10.1017/cbo9781139644082},
	year = 2009,
	publisher = {Cambridge University Press ({CUP})},
	author = {Marti A. Hearst},
	title = {Search User Interfaces}
}


@article{hearst02,
	note = {10.1145/567498.567525},
	url = {http://dx.doi.org/10.1145/567498.567525},
	year = 2002,
	month = {sep},
	publisher = {Association for Computing Machinery ({ACM})},
	volume = {45},
	number = {9},
	author = {Marti Hearst and Ame Elliott and Jennifer English and Rashmi Sinha and Kirsten Swearingen and Ka-Ping Yee},
	title = {Finding the flow in web site search},
	journal = {Communications of the {ACM}}
}



	
@article{d3js,
	note = {10.1109/tvcg.2011.185},
	url = {http://dx.doi.org/10.1109/tvcg.2011.185},
	year = 2011,
	month = {dec},
	publisher = {Institute of Electrical {\&} Electronics Engineers ({IEEE})},
	volume = {17},
	number = {12},
	pages = {2301--2309},
	author = {M. Bostock and V. Ogievetsky and J. Heer},
	title = {Data-Driven Documents},
	journal = {{IEEE} Trans. Visual. Comput. Graphics}
}



@inproceedings{vandenbussche:11,
	author = { P.Y. Vandenbussche and B. Vatant and L. Rozat } ,
  	title = {Linked open vocabularies: an initiative for the
web of data} ,
	booktitle = {QetR Workshop, Chambery, France. } ,
	year ={2011}
}


 
 @inproceedings{max2014,
  year={2014},
isbn={978-3-319-11963-2},
booktitle={The Semantic Web â ISWC 2014},
volume={8796},
series={Lecture Notes in Computer Science},
editor={Mika, Peter and Tudorache, Tania and Bernstein, Abraham and Welty, Chris and Knoblock, Craig and Vrande\v{c}i\'{c}, Denny and Groth, Paul and Noy, Natasha and Janowicz, Krzysztof and Goble, Carole},
note={10.1007/978-3-319-11964-9_16},
title={Adoption of the Linked Data Best Practices in Different Topical Domains},
url={http://dx.doi.org/10.1007/978-3-319-11964-9_16},
publisher={Springer International Publishing},
keywords={Linked Open Data; Web of Linked Data; Best Practices},
author={Schmachtenberg, Max and Bizer, Christian and Paulheim, Heiko},
pages={245-260},
language={English}
}



@INPROCEEDINGS{scharffe_2012,
  author = {Fran\c{c}ois Scharffe and Ghislain Atemezing and Rapha\"{e}l Troncy
	and Fabien Gandon and Serena Villata and B\'{e}n\'{e}dicte Bucher
	and Fay\c{c}al Hamdi and Laurent Bihanic and Gabriel K\'{e}p\'{e}klian
	and Franck Cotton and J\'{e}r\^{o}me Euzenat and Zhengjie Fan and
	Pierre-Yves Vandenbussche and Bernard Vatant},
  title = {Enabling linked-data publication with the Datalift Platform},
  booktitle = {26th Conference on Artificial Intelligence (AAAI-12)},
  year = {2012},
  timestamp = {2012.07.09}
}



@article{timld,
  author = {Berners-Lee, Tim},
  biburl = {http://www.bibsonomy.org/bibtex/2a06df8915f4848f3bb9071106411702f/mgns},
  interhash = {f4efaf3d90ad029c133e57db9cafa399},
  intrahash = {a06df8915f4848f3bb9071106411702f},
  journal = {W3C},
  number = {09/20},
  publisher = {ACM Press},
  timestamp = {2012-04-24T14:54:33.000+0200},
  title = {Linked Data - Design Issues},
  url = {http://www.w3.org/DesignIssues/LinkedData.html},
  year = 2006
}



@inproceedings{demter-2012-ekaw,
  year={2012},
isbn={978-3-642-33875-5},
booktitle={Knowledge Engineering and Knowledge Management},
volume={7603},
series={Lecture Notes in Computer Science},
editor={ten Teije, Annette and V\"{o}lker, Johanna and Handschuh, Siegfried and Stuckenschmidt, Heiner and d'Acquin, Mathieu and Nikolov, Andriy and Aussenac-Gilles, Nathalie and Hernandez, Nathalie},
doi={10.1007/978-3-642-33876-2_31},
title={LODStats - An Extensible Framework for High-Performance Dataset Analytics},
note={http://dx.doi.org/10.1007/978-3-642-33876-2_31},
publisher={Springer Berlin Heidelberg},
author={Auer, S\"{o}ren and Demter, Jan and Martin, Michael and Lehmann, Jens},
pages={353-362},
language={English}
}




@article{AquinJoWS12,
author = {Mathieu d'Aquin and {Natasha F.} Noy},
title = {Where to publish and find ontologies? A survey of ontology libraries} ,
journal = {Web Semantics: Science, Services and Agents on the World Wide Web} ,
volume = {11},
number = {0},
pages = {96 - 111},
year = {2012},
issn = {1570-8268},
note = {10.1016/j.websem.2011.08.005},
url = {http://www.sciencedirect.com/science/article/pii/S157082681100076X},
author = { 	Mathieu D'Aquin and Natalya F. Noy},
publisher = {Elsevier Science Publishers B. V.},
keywords = {Ontology},
keywords = {Survey},
keywords = {Ontology library}
}



@phdthesis{MC10,
  author = {Su\'{a}rez-Figueroa, Maria del Carmen} ,
  title = {NeOn Methodology for Building Ontology Networks: Specification, Scheduling and Reuse},
  month = {June} ,
  year = {2010},
  school ={Universidad Politecnica de Madrid, Spain}, 
  note ={http://oa.upm.es/3879/}
  
 }
 


@proceedings{DBLP:conf/apscc/2011,
	Bibsource = {DBLP, http://dblp.uni-trier.de},
	Booktitle = {APSCC},
	Editor = {James J. Park and Christos Nikolaou and Jiannong Cao},
	Ee = {http://ieeexplore.ieee.org/xpl/mostRecentIssue.jsp?punumber=6126161},
	Isbn = {978-1-4673-0206-7},
	Publisher = {IEEE},
	Title = {2011 IEEE Asia-Pacific Services Computing Conference, APSCC 2011, Jeju, Korea (South), December 12-15, 2011},
	Year = {2011}
}



@proceedings{DBLP:conf/icsoc/2007,
	Bibsource = {DBLP, http://dblp.uni-trier.de},
	Booktitle = {ICSOC},
	Editor = {Bernd J. Kr{\"a}mer and Kwei-Jay Lin and Priya Narasimhan},
	Isbn = {978-3-540-74973-8},
	Publisher = {Springer},
	Series = {Lecture Notes in Computer Science},
	Title = {Service-Oriented Computing - ICSOC 2007, Fifth International Conference, Vienna, Austria, September 17-20, 2007, Proceedings},
	Volume = {4749},
	Year = {2007}
}



@proceedings{DBLP:conf/semweb/2011-1,
	Bibsource = {DBLP, http://dblp.uni-trier.de},
	Booktitle = {International Semantic Web Conference (1)},
	Editor = {Lora Aroyo and Chris Welty and Harith Alani and Jamie Taylor and Abraham Bernstein and Lalana Kagal and Natasha Fridman Noy and Eva Blomqvist},
	note = {http://dx.doi.org/10.1007/978-3-642-25073-6},
	Isbn = {978-3-642-25072-9},
	Publisher = {Springer},
	Series = {Lecture Notes in Computer Science},
	Title = {The Semantic Web - ISWC 2011 - 10th International Semantic Web Conference, Bonn, Germany, October 23-27, 2011, Proceedings, Part I},
	Volume = {7031},
	Year = {2011}
	}

@proceedings{DBLP:conf/icdt/2001,
	Bibsource = {DBLP, http://dblp.uni-trier.de},
	Booktitle = {ICDT},
	Editor = {Jan Van den Bussche and Victor Vianu},
	Isbn = {3-540-41456-8},
	Publisher = {Springer},
	Series = {Lecture Notes in Computer Science},
	Title = {Database Theory - ICDT 2001, 8th International Conference, London, UK, January 4-6, 2001, Proceedings},
	Volume = {1973},
	Year = {2001}
	}

@inproceedings{DBLP:conf/semweb/SantosE10,
	Author = {C{\'a}ssia Trojahn dos Santos and J{\'e}r{\^o}me Euzenat},
	Bibsource = {DBLP, http://dblp.uni-trier.de},
	Booktitle = {OM},
	Crossref = {DBLP:conf/semweb/2010om},
	Ee = {http://ceur-ws.org/Vol-689/om2010_Tpaper4.pdf},
	Title = {Consistency-driven argumentation for alignment agreement},
	Year = {2010}
	}

@proceedings{DBLP:conf/semweb/2010om,
	Bibsource = {DBLP, http://dblp.uni-trier.de},
	Booktitle = {OM},
	Editor = {Pavel Shvaiko and J{\'e}r{\^o}me Euzenat and Fausto Giunchiglia and Heiner Stuckenschmidt and Ming Mao and Isabel F. Cruz},
	Ee = {http://ceur-ws.org/Vol-689},
	Publisher = {CEUR-WS.org},
	Series = {CEUR Workshop Proceedings},
	Title = {Proceedings of the 5th International Workshop on Ontology Matching (OM-2010), Shanghai, China, November 7, 2010},
	Volume = {689},
	Year = {2010}
	}

@inproceedings{DBLP:conf/dalt/FornaraC09,
	Author = {Nicoletta Fornara and Marco Colombetti},
	Bibsource = {DBLP, http://dblp.uni-trier.de},
	Booktitle = {DALT},
	Crossref = {DBLP:conf/dalt/2009},
	Ee = {http://dx.doi.org/10.1007/978-3-642-11355-0_7},
	Pages = {101-118},
	Title = {Ontology and Time Evolution of Obligations and Prohibitions Using Semantic Web Technology},
	Year = {2009}}

@proceedings{DBLP:conf/dalt/2009,
	Bibsource = {DBLP, http://dblp.uni-trier.de},
	Booktitle = {DALT},
	Editor = {Matteo Baldoni and Jamal Bentahar and M. Birna van Riemsdijk and John Lloyd},
	Ee = {http://dx.doi.org/10.1007/978-3-642-11355-0},
	Isbn = {978-3-642-11354-3},
	Publisher = {Springer},
	Series = {Lecture Notes in Computer Science},
	Title = {Declarative Agent Languages and Technologies VII, 7th International Workshop, DALT 2009, Budapest, Hungary, May 11, 2009. Revised Selected and Invited Papers},
	Volume = {5948},
	note ={10.1007/978-3-642-11355-0},
	Year = {2010}
	}




@inproceedings{DBLP:conf/dlog/ZhangAGC09,
	Author = {Rui Zhang and Alessandro Artale and Fausto Giunchiglia and Bruno Crispo},
	Bibsource = {DBLP, http://dblp.uni-trier.de},
	Booktitle = {Description Logics},
	Crossref = {DBLP:conf/dlog/2009},
	Ee = {http://ceur-ws.org/Vol-477/paper_36.pdf},
	Title = {Using Description Logics in Relation Based Access Control},
	Year = {2009}}

@proceedings{DBLP:conf/dlog/2009,
	Bibsource = {DBLP, http://dblp.uni-trier.de},
	Booktitle = {Description Logics},
	Editor = {Bernardo Cuenca Grau and Ian Horrocks and Boris Motik and Ulrike Sattler},
	Publisher = {CEUR-WS.org},
	Series = {CEUR Workshop Proceedings},
	Title = {Proceedings of the 22nd International Workshop on Description Logics (DL 2009), Oxford, UK, July 27-30, 2009},
	Volume = {477},
	Year = {2009}
	}


@inproceedings{DBLP:conf/semweb/AbelCHKKO07,
	Author = {Fabian Abel and Juri Luca De Coi and Nicola Henze and Arne Wolf Koesling and Daniel Krause and Daniel Olmedilla},
	Booktitle = {Proceedings of the 6th International Semantic Web Conference (ISWC-2007), LNCS 4825},
	Pages = {1-14},
	Title = {Enabling Advanced and Context-Dependent Access Control in RDF Stores},
	Year = {2007}}

@proceedings{DBLP:conf/semweb/2007,
	Bibsource = {DBLP, http://dblp.uni-trier.de},
	Booktitle = {ISWC/ASWC},
	Editor = {Karl Aberer and Key-Sun Choi and Natasha Fridman Noy and Dean Allemang and Kyung-Il Lee and Lyndon J. B. Nixon and Jennifer Golbeck and Peter Mika and Diana Maynard and Riichiro Mizoguchi and Guus Schreiber and Philippe Cudr{\'e}-Mauroux},
	Isbn = {978-3-540-76297-3},
	Publisher = {Springer},
	Series = {Lecture Notes in Computer Science},
	Title = {The Semantic Web, 6th International Semantic Web Conference, 2nd Asian Semantic Web Conference, ISWC 2007 + ASWC 2007, Busan, Korea, November 11-15, 2007},
	Volume = {4825},
	Year = {2007}
	}



@inproceedings{DBLP:conf/policy/CoiOZBS08,
	Author = {Juri Luca De Coi and Daniel Olmedilla and Sergej Zerr and Piero A. Bonatti and Luigi Sauro},
	Bibsource = {DBLP, http://dblp.uni-trier.de},
	Booktitle = {POLICY},
	Crossref = {DBLP:conf/policy/2008},
	note = {http://doi.ieeecomputersociety.org/10.1109/POLICY.2008.32},
	Pages = {228-230},
	Title = {A Trust Management Package for Policy-Driven Protection {\&} Personalization of Web Content},
	Year = {2008}}

@proceedings{DBLP:conf/policy/2008,
	Bibsource = {DBLP, http://dblp.uni-trier.de},
	Booktitle = {POLICY},
	Isbn = {978-0-7695-3133-5},
	Publisher = {IEEE Computer Society},
	Title = {9th IEEE International Workshop on Policies for Distributed Systems and Networks (POLICY 2008), 2-4 June 2008, Palisades, New York, USA},
	Year = {2008}}

@inproceedings{DBLP:conf/esws/Hartig09,
	Author = {Olaf Hartig},
	Booktitle = {Proceedings of the 6th European Semantic Web Conference (ESWC-2009), LNCS 5554},
	Pages = {5-20},
	Title = {Querying Trust in RDF Data with tSPARQL},
	Year = {2009}}

@proceedings{DBLP:conf/esws/2009,
	Bibsource = {DBLP, http://dblp.uni-trier.de},
	Booktitle = {ESWC},
	Editor = {Lora Aroyo and Paolo Traverso and Fabio Ciravegna and Philipp Cimiano and Tom Heath and Eero Hyv{\"o}nen and Riichiro Mizoguchi and Eyal Oren and Marta Sabou and Elena Paslaru Bontas Simperl},
	ee = {http://dx.doi.org/10.1007/978-3-642-02121-3},
	note = {10.1007/978-3-642-02121-3},
	Isbn = {978-3-642-02120-6},
	Publisher = {Springer},
	Series = {Lecture Notes in Computer Science},
	Title = {The Semantic Web: Research and Applications, 6th European Semantic Web Conference, ESWC 2009, Heraklion, Crete, Greece, May 31-June 4, 2009, Proceedings},
	Volume = {5554},
	Year = {2009}}

@article{DBLP:journals/ws/CarrollBHS05,
	Author = {Jeremy Carroll and Christian Bizer and Patrick Hayes and Patrick Stickler},
	Journal = {J. Web Sem.},
	Number = {4},
	Pages = {247-267},
	Title = {Named graphs},
	Volume = {3},
	Year = {2005}}

@inproceedings{DBLP:conf/f-egc/BuffaFK10,
	Author = {Michel Buffa and Catherine Faron-Zucker and Anna Kolomoyskaya},
	Bibsource = {DBLP, http://dblp.uni-trier.de},
	Booktitle = {EGC},
	Crossref = {DBLP:conf/f-egc/2010},
	Pages = {471-482},
	Title = {Gestion s{\'e}mantique des droits d'acc{\`e}s au contenu : l'ontologie {AMO}},
	Year = {2010}}

@proceedings{DBLP:conf/f-egc/2010,
	Bibsource = {DBLP, http://dblp.uni-trier.de},
	Booktitle = {EGC},
	Editor = {Sadok Ben Yahia and Jean-Marc Petit},
	Isbn = {978-2-85428-922-0},
	Publisher = {C{\'e}padu{\`e}s-{\'E}ditions},
	Series = {Revue des Nouvelles Technologies de l'Information},
	Title = {Extraction et gestion des connaissances (EGC'2010), Actes, 26 au 29 janvier 2010, Hammamet, Tunisie},
	Volume = {RNTI-E-19},
	Year = {2010}}



@article{DBLP:journals/compsec/CarminatiFHKT11,
	Author = {Barbara Carminati and Elena Ferrari and Raymond Heatherly and Murat Kantarcioglu and Bhavani M. Thuraisingham},
	Bibsource = {DBLP, http://dblp.uni-trier.de},
	Ee = {http://dx.doi.org/10.1016/j.cose.2010.08.003},
	Journal = {Computers {\&} Security},
	Number = {2-3},
	Pages = {108-115},
	Title = {Semantic web-based social network access control},
	Volume = {30},
	Year = {2011}}



@inproceedings{DBLP:conf/semweb/VillataG12,
	Author = {Serena Villata and Fabien Gandon},
	Bibsource = {DBLP, http://dblp.uni-trier.de},
	Booktitle = {International Semantic Web Conference (Posters {\&} Demos)},
	Crossref = {DBLP:conf/semweb/2012p},
	Ee = {http://ceur-ws.org/Vol-914/paper_23.pdf},
	Title = {Towards Licenses Compatibility and Composition in the Web of Data},
	Year = {2012}}

@proceedings{DBLP:conf/semweb/2012p,
	Bibsource = {DBLP, http://dblp.uni-trier.de},
	Booktitle = {ISWC-PD International Semantic Web Conference (Posters {\&} Demos)},
	Editor = {Birte Glimm and David Huynh},
	Ee = {http://ceur-ws.org/Vol-914},
	Publisher = {CEUR-WS.org},
	Series = {CEUR Workshop Proceedings},
	Title = {Proceedings of the ISWC 2012 Posters {\&} Demonstrations Track, Boston, USA, November 11-15, 2012},
	Volume = {914},
	Year = {2012}}

@inproceedings{DBLP:conf/semweb/VillataG12a,
	Author = {Serena Villata and Fabien Gandon},
	Booktitle = {Proceedings of COLD},
	Series = {CEUR Workshop Proceedings 905},
	Title = {Licenses Compatibility and Composition in the Web of Data},
	Year = {2012}}

@proceedings{DBLP:conf/semweb/2012cold,
	Bibsource = {DBLP, http://dblp.uni-trier.de},
	Booktitle = {COLD},
	Editor = {Juan Sequeda and Andreas Harth and Olaf Hartig},
	Ee = {http://ceur-ws.org/Vol-905},
	Publisher = {CEUR-WS.org},
	Series = {CEUR Workshop Proceedings},
	Title = {Proceedings of the Third International Workshop on Consuming Linked Data, COLD 2012, Boston, MA, USA, November 12, 2012},
	Volume = {905},
	Year = {2012}}
	
@inproceedings{DBLP:conf/semweb/GovernatoriRVG13,
  author    = {Guido Governatori and
               Antonino Rotolo and
               Serena Villata and
               Fabien Gandon},
  title     = {One License to Compose Them All - A Deontic Logic Approach
               to Data Licensing on the Web of Data},
  booktitle = {International Semantic Web Conference (1)},
  year      = {2013},
  pages     = {151-166},
 publisher = {Springer},
  series    = {Lecture Notes in Computer Science},
  volume    = {8218}
}

@proceedings{DBLP:conf/semweb/2013-1,
  editor    = {Harith Alani and
               Lalana Kagal and
               Achille Fokoue and
               Paul T. Groth and
               Chris Biemann and
               Josiane Xavier Parreira and
               Lora Aroyo and
               Natasha F. Noy and
               Chris Welty and
               Krzysztof Janowicz},
  title     = {The Semantic Web - ISWC 2013 - 12th International Semantic
               Web Conference, Sydney, NSW, Australia, October 21-25, 2013,
               Proceedings, Part I},
  booktitle = {International Semantic Web Conference (1)},
  publisher = {Springer},
  series    = {Lecture Notes in Computer Science},
  volume    = {8218},
  year      = {2013},
  isbn      = {978-3-642-41334-6},
  note        = {http://dx.doi.org/10.1007/978-3-642-41335-3},
  bibsource = {DBLP, http://dblp.uni-trier.de}
}

@inproceedings{DBLP:conf/semweb/Rodriguez-DoncelGM13,
  author    = {V\'{\i}ctor Rodr\'{\i}guez-Doncel and
               Asunci{\'o}n G{\'o}mez-P{\'e}rez and
               Nandana Mihindukulasooriya},
  title     = {Rights declaration in Linked Data},
  booktitle = {COLD},
  year      = {2013},
  ee        = {http://ceur-ws.org/Vol-1034/RodriguezDoncelEtAl_COLD2013.pdf},
  crossref  = {DBLP:conf/semweb/2013cold},
  bibsource = {DBLP, http://dblp.uni-trier.de}
}

@proceedings{DBLP:conf/semweb/2013cold,
  editor    = {Olaf Hartig and
               Juan Sequeda and
               Aidan Hogan and
               Takahide Matsutsuka},
  title     = {Proceedings of the Fourth International Workshop on Consuming
               Linked Data, COLD 2013, Sydney, Australia, October 22, 2013},
  booktitle = {COLD},
  publisher = {CEUR-WS.org},
  series    = {CEUR Workshop Proceedings},
  volume    = {1034},
  year      = {2013},
  ee        = {http://ceur-ws.org/Vol-1034},
  bibsource = {DBLP, http://dblp.uni-trier.de}
}


@inproceedings{DBLP:conf/acl/SocherBMN13,
  author    = {Richard Socher and
               John Bauer and
               Christopher D. Manning and
               Andrew Y. Ng},
  title     = {Parsing with Compositional Vector Grammars},
  booktitle = {ACL (1)},
  year      = {2013},
  pages     = {455-465},
  ee        = {http://aclweb.org/anthology/P/P13/P13-1045.pdf},
  bibsource = {DBLP, http://dblp.uni-trier.de}
}




@inproceedings{DBLP:conf/ekaw/GerberN12,
  author    = {Daniel Gerber and
               Axel-Cyrille Ngonga Ngomo},
  title     = {Extracting Multilingual Natural-Language Patterns for RDF
               Predicates},
  booktitle = {EKAW},
  year      = {2012},
  pages     = {87-96},
  ee        = {http://dx.doi.org/10.1007/978-3-642-33876-2_10},
  bibsource = {DBLP, http://dblp.uni-trier.de}
 }
 


@inproceedings{poveda2012landscape,
  title={The landscape of ontology reuse in linked data},
  author={Poveda-Villal{\'o}n, Mar{\'\i}a and Su{\'a}rez-Figueroa, Mari Carmen and G{\'o}mez-P{\'e}rez, Asunci{\'o}n},
    booktitle = {1st Ontology Engineering in a Data-driven World (OEDW 2012) Workshop at the 18th International Conference on Knowledge Engineering and Knowledge Management (EKAW2012)},
  year={2012},
  publisher={Informatica}
}


@inproceedings{poveda2013detecting,
author    = {Mar{\'{\i}}a Poveda{-}Villal{\'{o}}n and
               Bernard Vatant and
               Mar{\'{\i}}a Carmen Su{\'{a}}rez{-}Figueroa and
               Asunci{\'{o}}n G{\'{o}}mez{-}P{\'{e}}rez},
  title     = {Detecting Good Practices and Pitfalls when Publishing Vocabularies on the Web},
  booktitle = {Proceedings of the 4th Workshop on Ontology and Semantic Web Patterns
               co-located with 12th International Semantic Web Conference {(ISWC}
               2013), Sydney, Australia, October 21, 2013.},
  year      = {2013},
  biburl = {http://www.bibsonomy.org/bibtex/24749c169753eef01f34025ffc9c71c04/dblp},
  crossref = {conf/semweb/2013wop},
  editor = {Gangemi, Aldo and Gruninger, Michael and Hammar, Karl and Lefort, Laurent and Presutti, Valentina and Scherp, Ansgar},
  ee = {http://ceur-ws.org/Vol-1188/paper_6.pdf},
  interhash = {fb530bea37a3fb51a6953196e75a1086},
  intrahash = {4749c169753eef01f34025ffc9c71c04},
  keywords = {dblp},
  publisher = {CEUR-WS.org},
  series = {CEUR Workshop Proceedings},
  timestamp = {2015-06-18T22:57:25.000+0200},
  url = {http://dblp.uni-trier.de/db/conf/semweb/wop2013.html#Poveda-VillalonVSG13},
  volume = 1188
}



@inproceedings{villata2012,
  author    = {Serena Villata and
               Fabien Gandon},
  title     = {Licenses Compatibility and Composition in the Web of Data},
  booktitle = {Proceedings of the Third International Workshop on Consuming Linked
               Data, {COLD} 2012, Boston, MA, USA, November 12, 2012},
  year      = {2012},
  crossref  = {DBLP:conf/semweb/2012cold},
  url       = {http://ceur-ws.org/Vol-905/VillataAndGandon_COLD2012.pdf},
  timestamp = {Tue, 13 Nov 2012 18:10:25 +0100},
  biburl    = {http://dblp.uni-trier.de/rec/bib/conf/semweb/VillataG12a},
  bibsource = {dblp computer science bibliography, http://dblp.org}
}

@inproceedings{pedrinaci2014,
  author    = {Carlos Pedrinaci and
               Jorge Cardoso and
               Torsten Leidig},
  title     = {Linked {USDL:} {A} Vocabulary for Web-Scale Service Trading},
  booktitle = {The Semantic Web: Trends and Challenges - 11th International Conference,
               {ESWC} 2014, Anissaras, Crete, Greece, May 25-29, 2014. Proceedings},
  pages     = {68--82},
  year      = {2014},
  crossref  = {DBLP:conf/esws/2014},
  url       = {http://dx.doi.org/10.1007/978-3-319-07443-6_6},
  note       = {10.1007/978-3-319-07443-6_6},
  timestamp = {Fri, 09 May 2014 14:52:44 +0200},
  biburl    = {http://dblp.uni-trier.de/rec/bib/conf/esws/PedrinaciCL14},
  bibsource = {dblp computer science bibliography, http://dblp.org}
}

@article{ohdeploying,

title={Deploying Linked Open Vocabulary (LOV) to Enhance Library Linked Data} ,
volume={2} , 
url={http://dx.doi.org/10.1633/JISTaP.2015.3.2.1}, 
note={10.1633/JISTaP.2015.3.2.1} , 
number= {2} , 
journal={Journal of Information Science Theory and Practice} , 
publisher={Korea Institute of Science and Technology Information} , 
author={Oh, Sam Gyun and Yi, Myongho and Jang, Wonghong} , 
year={2015} , 
month={Jun}
}
